
@book{
	ISOIEC9126,
	title = {ISO/IEC 9126. Software engineering -- Product quality},
	publisher = {ISO/IEC},
	year = {2001},
	author = {ISO/IEC},
}
